@article{danan,
  title = {Asking Photons Where They Have Been},
  author = {Danan, A. and Farfurnik, D. and Bar-Ad, S. and Vaidman, L.},
  journal = {Phys. Rev. Lett.},
  volume = {111},
  issue = {24},
  pages = {240402},
  numpages = {5},
  year = {2013},
  month = {Dec},
  publisher = {American Physical Society},
  doi = {10.1103/PhysRevLett.111.240402},
  url = {https://link.aps.org/doi/10.1103/PhysRevLett.111.240402}
}

@article{past,
  title = {Past of a quantum particle},
  author = {Vaidman, L.},
  journal = {Phys. Rev. A},
  volume = {87},
  issue = {5},
  pages = {052104},
  numpages = {6},
  year = {2013},
  month = {May},
  publisher = {American Physical Society},
  doi = {10.1103/PhysRevA.87.052104},
  url = {https://link.aps.org/doi/10.1103/PhysRevA.87.052104}
}

@article{comment,
  title = {Comment on ``{P}ast of a quantum particle''},
  author = {Li, Zheng-Hong and Al-Amri, M. and Zubairy, M. Suhail},
  journal = {Phys. Rev. A},
  volume = {88},
  issue = {4},
  pages = {046102},
  numpages = {5},
  year = {2013},
  month = {Oct},
  publisher = {American Physical Society},
  doi = {10.1103/PhysRevA.88.046102},
  url = {https://link.aps.org/doi/10.1103/PhysRevA.88.046102}
}

@incollection{bohr,
  booktitle={Quantum Theory and Measurement},
  title={Discussion with {E}instein on Epistemological Problems in Atomic 
	  Physics},
  author={Bohr, N.},
  editor={Wheeler, J.A. and Zurek, W.H.},
  isbn={9781400854554},
  lccn={82047620},
  year={2014},
  publisher={Princeton University Press}
}


@incollection{lahiri,
title = {Chapter 8 - {Q}uantum {O}ptics},
editor = {Avijit Lahiri},
booktitle = {Basic Optics},
publisher = {Elsevier},
address = {Amsterdam},
pages = {697-899},
year = {2016},
isbn = {978-0-12-805357-7},
doi = {https://doi.org/10.1016/B978-0-12-805357-7.00008-3},
url = {https://www.sciencedirect.com/science/article/pii/B9780128053577000083},
author = {Avijit Lahiri},
}

@article{aharonov,
  title = {Time Symmetry in the Quantum Process of Measurement},
  author = {Aharonov, Yakir and Bergmann, Peter G. and Lebowitz, Joel L.},
  journal = {Phys. Rev.},
  volume = {134},
  issue = {6B},
  pages = {B1410--B1416},
  numpages = {0},
  year = {1964},
  month = {Jun},
  publisher = {American Physical Society},
  doi = {10.1103/PhysRev.134.B1410},
  url = {https://link.aps.org/doi/10.1103/PhysRev.134.B1410}
}
@article{lundeen, 
	title={What can we say about a photon's past?}, 
	url={https://physics.aps.org/articles/v6/133}, journal={Physics}, 
		publisher={American Physical Society}, author={Lundeen, Jeff}, 
	year={2013}, month={Dec}} 

@Inbook{aharonov2008,
author="Aharonov, Yakir
and Vaidman, Lev",
editor="Muga, J.G.
and Mayato, R. Sala
and Egusquiza, {\'I}.L.",
title="The Two-State Vector Formalism: An Updated Review",
bookTitle="Time in Quantum Mechanics",
year="2008",
publisher="Springer Berlin Heidelberg",
address="Berlin, Heidelberg",
pages="399--447",
isbn="978-3-540-73473-4",
doi="10.1007/978-3-540-73473-4_13",
url="https://doi.org/10.1007/978-3-540-73473-4_13"
}

@book{feynman,
  title={QED: The Strange Theory of Light and Matter},
  author={Feynman, R.P. and Zee, A.},
  isbn={9780691125756},
  lccn={2005934342},
  series={Alix G. Mautner memorial lectures},
  url={https://books.google.co.uk/books?id=Uv-uxB0sRKEC},
  year={2006},
  publisher={Princeton University Press}
}
